
@article{swain2003,
  title = {Spatial Distribution of Catch and Effort in a Fishery for Snow Crab ({{{\emph{Chionoecetes}}}}{\emph{ Opilio}}): Tests of Predictions of the Ideal Free Distribution},
  volume = {60},
  doi = {10.1139/f03-076},
  number = {8},
  journal = {Can. J. Fish. Aquat. Sci.},
  author = {Swain, Douglas P and Wade, Elmer J},
  year = {2003},
  pages = {897--909}
}

@article{davis2008,
  title = {Extreme Value Theory for Space\textendash{}time Processes with Heavy-Tailed Distributions},
  volume = {118},
  doi = {10.1016/j.spa.2007.06.001},
  number = {4},
  journal = {Stochastic Processes and their Applications},
  author = {Davis, Richard A. and Mikosch, Thomas},
  year = {2008},
  pages = {560--584}
}

@article{bolin2014,
  title = {Spatial {{Mat{\'e}rn}} Fields Driven by Non-Gaussian Noise},
  volume = {41},
  doi = {10.1111/sjos.12046},
  number = {3},
  journal = {Scand. J. Statist.},
  author = {Bolin, David},
  year = {2014},
  pages = {557--579}
}

@article{rimstad2014,
  title = {Skew-{{Gaussian}} Random Fields},
  volume = {10},
  doi = {10.1016/j.spasta.2014.08.001},
  journal = {Spatial Statistics},
  author = {Rimstad, Kjartan and Omre, Henning},
  year = {2014},
  pages = {43--62}
}

@article{roislien2007,
  title = {T-Distributed Random Fields: A Parametric Model for Heavy-Tailed Well-Log Data},
  volume = {38},
  shorttitle = {T-Distributed {{Random Fields}}},
  doi = {10.1007/s11004-006-9050-z},
  number = {7},
  journal = {Math. Geol.},
  author = {R\o{}islien, Jo and Omre, Henning},
  year = {2007},
  pages = {821--849}
}

@article{hofert2013,
  title = {On Sampling from the Multivariate T Distribution},
  volume = {5},
  number = {2},
  journal = {The R Journal},
  author = {Hofert, Marius},
  year = {2013},
  pages = {129--136}
}

@article{lin1972,
  title = {Some Characterizations of the Multivariate T Distribution},
  volume = {2},
  doi = {10.1016/0047-259X(72)90021-8},
  number = {3},
  journal = {Journal of Multivariate Analysis},
  author = {Lin, Pi-Erh},
  year = {1972},
  pages = {339--344}
}

@book{2007,
  address = {Basel},
  title = {Statistical {{Analysis}} of {{Extreme Values}}},
  isbn = {978-3-7643-7230-9},
  publisher = {{Birkh{\"a}user Basel}},
  year = {2007}
}

@article{sang2010,
  title = {Continuous Spatial Process Models for Spatial Extreme Values},
  volume = {15},
  doi = {10.1007/s13253-009-0010-1},
  number = {1},
  journal = {J. Agric. Biol. Environ. Stat.},
  author = {Sang, Huiyan and Gelfand, Alan E.},
  year = {2010},
  keywords = {Agriculture,Biostatistics,Copula Gaussian process models,Environmental Monitoring/Analysis,Generalized extreme value distribution,Maximum precipitation surfaces,Spatial interpolation,Statistics for Life Sciences; Medicine; Health Sciences},
  pages = {49--65}
}

@article{mendes2008,
  title = {Spatial Extremes of Wildfire Sizes: {{Bayesian}} Hierarchical Models for Extremes},
  volume = {17},
  shorttitle = {Spatial Extremes of Wildfire Sizes},
  doi = {10.1007/s10651-008-0099-3},
  number = {1},
  journal = {Environ Ecol Stat},
  author = {Mendes, Jorge M. and Bermudez, Patr{\'\i}cia Cort{\'e}s de Zea and Pereira, Jos{\'e} and Turkman, K. F. and Vasconcelos, M. J. P.},
  year = {2008},
  pages = {1--28}
}

@article{buishand2008,
  title = {On Spatial Extremes: With Application to a Rainfall Problem},
  volume = {2},
  shorttitle = {On Spatial Extremes},
  doi = {10.1214/08-AOAS159},
  number = {2},
  journal = {Ann. Appl. Stat.},
  author = {Buishand, T. A. and de Haan, L. and Zhou, C.},
  year = {2008},
  keywords = {areal reduction factor,max-stable process,Spatial extremes},
  pages = {624--642},
  mrnumber = {MR2524349},
  zmnumber = {05591291}
}

@article{gilleland2013,
  title = {Spatial Extreme Value Analysis to Project Extremes of Large-Scale Indicators for Severe Weather},
  volume = {24},
  doi = {10.1002/env.2234},
  number = {6},
  journal = Environmetrics,
  author = {Gilleland, Eric and Brown, Barbara G and Ammann, Caspar M},
  year = {2013},
  pages = {418--432},
  pmid = {24223482},
  pmcid = {PMC3816326}
}

@article{davison2012,
  title = {Statistical Modeling of Spatial Extremes},
  volume = {27},
  doi = {10.1214/11-STS376},
  number = {2},
  journal = {Statist. Sci.},
  author = {Davison, A. C. and Padoan, S. A. and Ribatet, M.},
  year = {2012},
  keywords = {Annual maximum analysis,Bayesian hierarchical model,Brownâ€“Resnick process,composite likelihood,copula,environmental data analysis,Gaussian process,generalized extreme-value distribution,geostatistics,latent variable,max-stable process,statistics of extremes},
  pages = {161--186},
  mrnumber = {MR2963980}
}

@article{katz2002,
  title = {Statistics of Extremes in Hydrology},
  volume = {25},
  doi = {10.1016/S0309-1708(02)00056-8},
  number = {8\textendash{}12},
  journal = {Advances in Water Resources},
  author = {Katz, Richard W and Parlange, Marc B and Naveau, Philippe},
  year = {2002},
  keywords = {Climate change,Covariates,Maximum likelihood,Statistical downscaling},
  pages = {1287--1304}
}

@article{thorson2011,
  title = {Accounting for Fish Shoals in Single- and Multi-Species Survey Data Using Mixture Distribution Models},
  volume = {68},
  doi = {10.1139/f2011-086},
  number = {9},
  journal = {Can. J. Fish. Aquat. Sci.},
  author = {Thorson, James T. and Stewart, Ian J. and Punt, Andr{\'e} E. and Jech, Josef Michael},
  year = {2011},
  pages = {1681--1693}
}

@article{neves2011,
  series = {Spatial Statistics 2011: Mapping Global Change},
  title = {Geostatistics for Spatial Extremes. {{A}} Case Study of Maximum Annual Rainfall in {{Portugal}}},
  volume = {7},
  doi = {10.1016/j.proenv.2011.07.043},
  journal = {Procedia Environmental Sciences},
  author = {Neves, Manuela and Gomes, Dora Prata},
  year = {2011},
  keywords = {extreme precipitation,geostatistics,max-stable processes,modeling,Spatial extremes},
  pages = {246--251}
}

@article{ancey2012,
  title = {Are There "dragon-Kings" events (I.e. Genuine Outliers) among Extreme Avalanches?},
  volume = {205},
  doi = {10.1140/epjst/e2012-01565-7},
  number = {1},
  journal = {Eur. Phys. J. Spec. Top.},
  author = {Ancey, C.},
  year = {2012},
  pages = {117--129}
}

@article{blanchet2011,
  title = {Spatial Modeling of Extreme Snow Depth},
  volume = {5},
  number = {3},
  journal = {The Annals of Applied Statistics},
  author = {Blanchet, Juliette and Davison, Anthony C.},
  year = {2011},
  pages = {1699--1725}
}

@article{davison2012a,
  title = {Geostatistics of Extremes},
  volume = {468},
  doi = {10.1098/rspa.2011.0412},
  number = {2138},
  journal = {Proc. R. Soc. A},
  author = {Davison, A. C. and Gholamrezaee, M. M.},
  year = {2012},
  pages = {581--608}
}

@article{davison1990,
  title = {Models for Exceedances over High Thresholds},
  volume = {52},
  number = {3},
  journal = {Journal of the Royal Statistical Society. Series B (Methodological)},
  author = {Davison, A. C. and Smith, R. L.},
  year = {1990},
  pages = {393--442}
}

@article{huser2014,
  title = {Space\textendash{}time Modelling of Extreme Events},
  volume = {76},
  doi = {10.1111/rssb.12035},
  number = {2},
  journal = {J. R. Stat. Soc. B},
  author = {Huser, R. and Davison, A. C.},
  year = {2014},
  pages = {439--461}
}

@article{asadi2015,
  title = {Extremes on River Networks},
  volume = {9},
  doi = {10.1214/15-AOAS863},
  number = {4},
  journal = {Ann. Appl. Stat.},
  author = {Asadi, Peiman and Davison, Anthony C. and Engelke, Sebastian},
  year = {2015},
  pages = {2023--2050},
  mrnumber = {MR3456363}
}

@article{huser2015,
  title = {Likelihood Estimators for Multivariate Extremes},
  volume = {19},
  doi = {10.1007/s10687-015-0230-4},
  number = {1},
  journal = Extremes,
  author = {Huser, Rapha{\"e}l and Davison, Anthony C. and Genton, Marc G.},
  year = {2015},
  pages = {79--103}
}

@article{padoan2011,
  title = {Multivariate Extreme Models Based on Underlying Skew-T and Skew-Normal Distributions},
  volume = {102},
  doi = {10.1016/j.jmva.2011.01.014},
  number = {5},
  journal = {Journal of Multivariate Analysis},
  author = {Padoan, Simone A.},
  year = {2011},
  pages = {977--991}
}

@article{nikoloulopoulos2008,
  title = {Extreme Value Properties of Multivariate T Copulas},
  volume = {12},
  doi = {10.1007/s10687-008-0072-4},
  number = {2},
  journal = Extremes,
  author = {Nikoloulopoulos, Aristidis K. and Joe, Harry and Li, Haijun},
  year = {2008},
  pages = {129--148}
}

@article{sornette2009,
  title = {Dragon-kings, black swans and the prediction of crises},
  volume = {2},
  number = {1},
  journal = {Int. J. Terraspace Sci. Eng.},
  author = {Sornette, Didier},
  year = {2009},
  keywords = {bibdesk},
  pages = {1-18},
  date-added = {2014-04-10 20:42:07 +0000},
  date-modified = {2014-04-10 20:45:29 +0000}
}

@article{sornette2012,
  title = {Dragon-kings: mechanisms, statistical methods and empirical evidence},
  volume = {205},
  doi = {10.1140/epjst/e2012-01559-5},
  number = {1},
  journal = {Eur. Phys. J. Spec. Top.},
  author = {Sornette, D. and Ouillon, G.},
  year = {2012},
  keywords = {bibdesk},
  pages = {1-26},
  date-added = {2014-04-03 21:58:48 +0000},
  date-modified = {2014-04-03 21:59:04 +0000}
}

@book{ribatet2015,
  title = {{{SpatialExtremes}}: {{Modelling Spatial Extremes}}},
  author = {Ribatet, Mathieu},
  year = {2015},
  note = {R package version 2.0-2}
}

@article{schliep2010,
  title = {A Comparison Study of Extreme Precipitation from Six Different Regional Climate Models via Spatial Hierarchical Modeling},
  volume = {13},
  doi = {10.1007/s10687-009-0098-2},
  number = {2},
  journal = Extremes,
  author = {Schliep, Erin M. and Cooley, Daniel and Sain, Stephan R. and Hoeting, Jennifer A.},
  year = {2010},
  pages = {219--239}
}

@book{taleb2007,
  title = {The Black Swan: The Impact of the Highly Improbable},
  publisher = {{Random House}},
  author = {Taleb, Nassim Nicholas},
  year = {2007},
  keywords = {bibdesk},
  date-added = {2014-04-10 20:47:02 +0000},
  date-modified = {2014-04-10 20:48:16 +0000}
}

@book{albeverio2006,
  address = {Berlin},
  series = {Frontiers collection},
  title = {Extreme Events in Nature and Society},
  isbn = {978-3-540-28610-3},
  lccn = {GB5014 .E98 2006},
  publisher = {{Springer}},
  editor = {Albeverio, Sergio and Jentsch, V. and Kantz, Holger},
  year = {2006}
}

@article{sornette2002,
  title = {Predictability of Catastrophic Events: Material Rupture, Earthquakes, Turbulence, Financial Crashes, and Human Birth},
  volume = {99},
  shorttitle = {Predictability of Catastrophic Events},
  number = {suppl 1},
  journal = {Proc. Natl. Acad. Sci.},
  author = {Sornette, Didier},
  year = {2002},
  pages = {2522--2529}
}

@book{beirlant2006,
  title = {Statistics of extremes: theory and applications},
  publisher = {{John Wiley \& Sons}},
  author = {Beirlant, Jan and Goegebeur, Yuri and Segers, Johan and Teugels, Jozef},
  year = {2006}
}

@article{shelton2014,
  title = {Spatial Semiparametric Models Improve Estimates of Species Abundance and Distribution},
  volume = {71},
  doi = {10.1139/cjfas-2013-0508},
  number = {11},
  journal = {Can. J. Fish. Aquat. Sci.},
  author = {Shelton, Andrew Olaf and Thorson, James T. and Ward, Eric J. and Feist, Blake E.},
  year = {2014},
  pages = {1655--1666}
}

@article{sigrist2015,
  title = {Spate: {{An R Package}} for {{Spatio}}-{{Temporal Modeling}} with a {{Stochastic Advection}}-{{Diffusion Process}}},
  volume = {63},
  number = {14},
  journal = {J. Stat. Softw.},
  author = {Sigrist, Fabio and K{\"u}nsch, Hans R. and Stahel, Werner A.},
  year = {2015},
  pages = {1--23}
}

@article{bascompte1995,
  title = {Rethinking Complexity: Modelling Spatiotemporal Dynamics in Ecology},
  volume = {10},
  shorttitle = {Rethinking Complexity},
  doi = {10.1016/S0169-5347(00)89134-X},
  number = {9},
  journal = {Trends in Ecology \& Evolution},
  author = {Bascompte, Jordl and Sol{\'e}, Ricard V.},
  year = {1995},
  pages = {361--366}
}

@article{bakar2015,
  title = {{{spTimer}}: {{Spatio}}-{{Temporal Bayesian Modeling Using R}}},
  volume = {63},
  number = {15},
  journal = {J. Stat. Softw.},
  author = {Bakar, Khandoker Shuvo and Sahu, Sujit K.},
  year = {2015},
  pages = {1--32}
}

@article{finley2007,
  title = {{{spBayes}}: {{An R Package}} for {{Univariate}} and {{Multivariate Hierarchical Point}}-{{Referenced Spatial Models}}},
  volume = {19},
  number = {4},
  journal = {J. Stat. Softw.},
  author = {Finley, Andrew O. and Banerjee, Sudipto and Carlin, Bradley P.},
  year = {2007},
  pages = {1--24}
}

@book{cressie2011,
  title = {Statistics for {{Spatio}}-{{Temporal Data}}},
  isbn = {978-0-471-69274-4},
  publisher = {{John Wiley \& Sons}},
  author = {Cressie, Noel and Wikle, Christopher K.},
  year = {2011},
  keywords = {Mathematics / Probability \& Statistics / General,Mathematics / Probability \& Statistics / Stochastic Processes,Medical / Biostatistics,Technology \& Engineering / Remote Sensing \& Geographic Information Systems}
}

@article{latimer2009,
  title = {Hierarchical Models Facilitate Spatial Analysis of Large Data Sets: A Case Study on Invasive Plant Species in the Northeastern {{United States}}},
  volume = {12},
  shorttitle = {Hierarchical Models Facilitate Spatial Analysis of Large Data Sets},
  doi = {10.1111/j.1461-0248.2008.01270.x},
  number = {2},
  journal = {Ecol. Lett.},
  author = {Latimer, A. M. and Banerjee, S. and Sang Jr, H. and Mosher, E. S. and Silander Jr, J. A.},
  year = {2009},
  keywords = {Bayesian,computational limitation,invasive species,multivariate spatial models,point-referenced,spatial modelling,spatial predictive process,species distributions},
  pages = {144--154}
}

@article{everitt1996,
  title = {An Introduction to Finite Mixture Distributions},
  volume = {5},
  doi = {10.1177/096228029600500202},
  number = {2},
  journal = {Stat Methods Med Res},
  author = {Everitt, B. S.},
  year = {1996},
  pages = {107--127},
  pmid = {8817794}
}

@article{ward2007,
  title = {A State\textendash{}space Mixture Approach for Estimating Catastrophic Events in Time Series Data},
  volume = {64},
  doi = {10.1139/f07-060},
  number = {6},
  journal = {Can. J. Fish. Aquat. Sci.},
  author = {Ward, Eric J and Hilborn, Ray and Towell, Rod G and Gerber, Leah},
  year = {2007},
  pages = {899--910}
}

@article{lindgren2011,
  title = {An Explicit Link between {{Gaussian}} Fields and {{Gaussian Markov}} Random Fields: The Stochastic Partial Differential Equation Approach},
  volume = {73},
  shorttitle = {An Explicit Link between {{Gaussian}} Fields and {{Gaussian Markov}} Random Fields},
  doi = {10.1111/j.1467-9868.2011.00777.x},
  number = {4},
  journal = {J. R. Stat. Soc. Ser. B Stat. Methodol.},
  author = {Lindgren, Finn and Rue, H\aa{}vard and Lindstr{\"o}m, Johan},
  year = {2011},
  keywords = {Approximate Bayesian inference,Covariance functions,Gaussian fields,Gaussian Markov random fields,Latent Gaussian models,Sparse matrices,Stochastic partial differential equations},
  pages = {423--498}
}

@book{schlather2016,
  title = {{{RandomFields}}: {{Simulation}} and {{Analysis}} of {{Random Fields}}},
  author = {Schlather, Martin and Malinowski, Alexander and Oesting, Marco and Boecker, Daphne and Strokorb, Kirstin and Engelke, Sebastian and Martini, Johannes and Ballani, Felix and Moreva, Olga and Auel, Jonas and Menck, Peter J. and Gross, Sebastian and Ober, Ulrike and {Christoph Berreth} and Burmeister, Katharina and Manitz, Juliane and Ribeiro, Paulo and Singleton, Richard and Pfaff, Ben and {R Core Team}},
  year = {2016},
  note = {R package version 3.1.24.1}
}

@article{rue2009,
  title = {Approximate {{Bayesian}} Inference for Latent {{Gaussian}} Models by Using Integrated Nested {{Laplace}} Approximations},
  volume = {71},
  doi = {10.1111/j.1467-9868.2008.00700.x},
  number = {2},
  journal = {J. R. Stat. Soc. Ser. B Stat. Methodol.},
  author = {Rue, H\aa{}vard and Martino, Sara and Chopin, Nicolas},
  year = {2009},
  keywords = {Approximate Bayesian inference,Gaussian Markov random fields,Generalized additive mixed models,Laplace approximation,Parallel computing,Sparse matrices,Structured additive regression models},
  pages = {319--392}
}

@article{finley2009,
  title = {Improving the Performance of Predictive Process Modeling for Large Datasets},
  volume = {53},
  doi = {10.1016/j.csda.2008.09.008},
  number = {8},
  journal = {Comput Stat Data Anal},
  author = {Finley, Andrew O. and Sang, Huiyan and Banerjee, Sudipto and Gelfand, Alan E.},
  year = {2009},
  pages = {2873--2884},
  pmid = {20016667},
  pmcid = {PMC2743161}
}

@article{rossi1992,
  title = {Geostatistical {{Tools}} for {{Modeling}} and {{Interpreting Ecological Spatial Dependence}}},
  volume = {62},
  doi = {10.2307/2937096},
  number = {2},
  journal = {Ecol. Monogr.},
  author = {Rossi, Richard E. and Mulla, David J. and Journel, Andre G. and Franz, Eldon H.},
  year = {1992},
  pages = {277--314}
}

@article{illian2013,
  title = {Fitting Complex Ecological Point Process Models with Integrated Nested {{Laplace}} Approximation},
  volume = {4},
  doi = {10.1111/2041-210x.12017},
  number = {4},
  journal = {Methods Ecol Evol},
  author = {Illian, Janine B. and Martino, Sara and S\o{}rbye, Sigrunn H. and Gallego-Fern{\'a}ndez, Juan B. and Zunzunegui, Mar{\'\i}a and Esquivias, M. Paz and Travis, Justin M. J.},
  year = {2013},
  keywords = {log-Gaussian Cox processes,marked point patterns,spatial modelling},
  pages = {305--315}
}

@article{reynolds2006,
  title = {Clustering {{Rules}}: {{A Comparison}} of {{Partitioning}} and {{Hierarchical Clustering Algorithms}}},
  volume = {5},
  shorttitle = {Clustering {{Rules}}},
  doi = {10.1007/s10852-005-9022-1},
  number = {4},
  journal = {J Math Model Algor},
  author = {Reynolds, A. P. and Richards, G. and de la Iglesia, B. and Rayward-Smith, V. J.},
  year = {2006},
  pages = {475--504}
}

@article{du2016,
  title = {Initiation and {{Development}} of a {{Toxic}} and {{Persistent Pseudo}}-Nitzschia {{Bloom}} off the {{Oregon Coast}} in {{Spring}}/{{Summer}} 2015},
  volume = {11},
  doi = {10.1371/journal.pone.0163977},
  number = {10},
  journal = {PLOS ONE},
  author = {Du, Xiuning and Peterson, William and Fisher, Jennifer and Hunter, Matt and Peterson, Jay},
  year = {2016},
  keywords = {Diatoms,Nitrates,Oceans,Oregon,Phytoplankton,Toxicity,Water columns,Winter},
  pages = {e0163977}
}

@article{mckibben2012,
  title = {Satellite-Based Detection and Monitoring of Phytoplankton Blooms along the {{Oregon}} Coast},
  volume = {117},
  doi = {10.1029/2012JC008114},
  number = {C12},
  journal = {J. Geophys. Res.},
  author = {McKibben, S. M. and Strutton, P. G. and Foley, D. G. and Peterson, T. D. and White, A. E.},
  year = {2012},
  keywords = {0480 Remote sensing,4855 Phytoplankton,4858 Population dynamics and ecology,bloom timing,California Current,Oregon coast,phenology,satellite remote sensing,upwelling},
  pages = {C12002}
}

@article{ono2016,
  title = {Space-Time Investigation of the Effects of Fishing on Fish Populations},
  volume = {26},
  doi = {10.1890/14-1874},
  number = {2},
  journal = {Ecol Appl},
  author = {Ono, Kotaro and Shelton, Andrew O. and Ward, Eric J. and Thorson, James T. and Feist, Blake E. and Hilborn, Ray},
  year = {2016},
  keywords = {fishing,habitat,marine species,Microstomus pacificus,movement,Pacific Dover sole,space-time model,species distribution},
  pages = {392--406}
}

@techreport{pardieck2016,
  title = {North {{American Breeding Bird Survey Dataset}} 1966 - 2015, Version 2015.1},
  institution = {U.S. Geological Survey, Patuxent Wildlife Research Center},
  author = {Pardieck, K.L. and Ziolkowski Jr., D.J. and Hudson, M.-A.R. and Campbell, K.},
  year = {2016}
}

@article{tweddle2010,
  title = {Relationships among Upwelling, Phytoplankton Blooms, and Phycotoxins in Coastal {{Oregon}} Shellfish},
  volume = {405},
  doi = {10.3354/meps08497},
  journal = {Mar Ecol Prog Ser},
  author = {Tweddle, J. F. and Strutton, P. G. and Foley, D. G. and OHiggins, L. and Wood, A. M. and Scott, B. and Everroad, R. C. and Peterson, W. T. and Cannon, D. and Hunter, M. and Forster, Z.},
  year = {2010},
  pages = {131--145}
}

@article{linz2007,
  title = {European Starlings: A Review of an Invasive Species with Far-Reaching Impacts},
  shorttitle = {European {{Starlings}}},
  author = {Linz, George M. and Homan, H. Jeffrey and Gaulker, Shannon M. and Penry, Linda B. and Bleier, William J.},
  year = {2007}
}

@article{fuglstad2015,
  title = {Constructing Priors That Penalize the Complexity of {{Gaussian}} Random Fields},
  archivePrefix = {arXiv},
  eprinttype = {arxiv},
  eprint = {1503.00256},
  primaryClass = {stat},
  journal = {arXiv:1503.00256 [stat]},
  author = {Fuglstad, Geir-Arne and Simpson, Daniel and Lindgren, Finn and Rue, H\aa{}vard},
  year = {2015}
}


